@article{Karna2016,
author = {K{\"{a}}rn{\"{a}}, Tuomas and Baptista, Ant{\'{o}}nio M.},
journal = {Ocean Modelling},
pages = {1--14},
title = {{Evaluation of a long-term hindcast simulation for the Columbia River estuary}},
volume = {99},
year = {2016}
}

@article{Taylor2001,
author = {Taylor, Karl E.},
journal = {Journal of Geophysical Research},
number = {D7},
pages = {7183--7192},
title = {{Summarizing multiple aspects of model performance in a single diagram}},
volume = {106},
year = {2001}
}

